<record><leader>00000cas a2200000 a 4500</leader><controlfield tag="001">12777638</controlfield><controlfield tag="008">851109u19uuuuuunjuwr ne      0    0eng d</controlfield><datafield ind1=" " ind2=" " tag="010"><subfield code="a">sn 85035838 </subfield></datafield><datafield ind1=" " ind2=" " tag="040"><subfield code="a">NWM</subfield><subfield code="b">eng</subfield><subfield code="c">NWM</subfield><subfield code="d">NPA</subfield><subfield code="d">OCL</subfield><subfield code="d">OCLCQ</subfield></datafield><datafield ind1=" " ind2=" " tag="042"><subfield code="a">msc</subfield></datafield><datafield ind1="0" ind2="4" tag="245"><subfield code="a">The Bloomingdale argus.</subfield></datafield><datafield ind1=" " ind2=" " tag="260"><subfield code="a">Bloomingdale, N.J. :</subfield><subfield code="b">James White</subfield></datafield><datafield ind1=" " ind2=" " tag="300"><subfield code="a">v. :</subfield><subfield code="b">ill.</subfield></datafield><datafield ind1=" " ind2=" " tag="310"><subfield code="a">Weekly</subfield></datafield><datafield ind1=" " ind2=" " tag="530"><subfield code="a">Also issued on microfilm by the New Jersey State Library, Dept. of Education.</subfield></datafield><datafield ind1=" " ind2=" " tag="588"><subfield code="a">Description based on: Vol. 4, no. 2 (Jan. 10, 1918.).</subfield></datafield><datafield ind1=" " ind2=" " tag="752"><subfield code="a">United States</subfield><subfield code="b">New Jersey</subfield><subfield code="c">Passaic</subfield><subfield code="d">Bloomingdale.</subfield></datafield><datafield ind1="1" ind2=" " tag="029"><subfield code="a">AU@</subfield><subfield code="b">000022168063</subfield></datafield></record>